@incollection{Tapia,
year={2015},
isbn={978-3-319-16180-8},
booktitle={Computer Vision - ECCV 2014 Workshops},
volume={8926},
series={Lecture Notes in Computer Science},
editor={Agapito, Lourdes and Bronstein, Michael M. and Rother, Carsten},
doi={10.1007/978-3-319-16181-5_57},
title={Gender Classification from Iris Images Using Fusion of Uniform Local Binary Patterns},
url={http://dx.doi.org/10.1007/978-3-319-16181-5_57},
publisher={Springer International Publishing},
keywords={Biometrics; Iris; LBP; Gender classification},
author={Tapia, JuanE. and Perez, ClaudioA. and Bowyer, KevinW.},
pages={751-763},
language={English}
}

@incollection{Bansal,
year={2014},
month={April},
issn={2277-2502},
booktitle={Res. J. Recent Sci.},
volume={3(4)},
title={Predicting Gender Using Iris Images},
url={http://www.isca.in/rjrs/archive/v3/i4/4.ISCA-RJRS-2013-538.pdf},
publisher={International Science Congress Association},
author={Bansal, A. and Agarwal, R. and Sharma, R.K.},
pages={20-26},
language={English}
}

@incollection{Thomas, 
author={Thomas, V. and Chawla, N.V. and Bowyer, K.W. and Flynn, P.J.}, 
booktitle={Biometrics: Theory, Applications, and Systems, 2007. BTAS 2007. First IEEE International Conference on}, 
title={Learning to predict gender from iris images}, 
year={2007}, 
pages={1-5}, 
keywords={biometrics (access control);feature extraction;gender issues;image coding;image recognition;image segmentation;image texture;learning (artificial intelligence);biometric identity verification;gender prediction;image quality;iris image encoding;iris image segmentation;iris image texture feature extraction;machine learning;Biological system modeling;Biometrics;Humans;Image analysis;Image coding;Image segmentation;Image texture analysis;Iris;Machine learning;Predictive models;biometric;gender classification;iris}, 
doi={10.1109/BTAS.2007.4401911}, 
month={Sept}
}
@incollection{Lagree, 
author={Lagree, S. and Bowyer, K.W.}, 
booktitle={Technologies for Homeland Security (HST), 2011 IEEE International Conference on}, 
title={Predicting ethnicity and gender from iris texture}, 
year={2011}, 
pages={440-445}, 
keywords={image texture;iris recognition;ethnicity prediction;gender prediction;iris texture;Accuracy;Decision trees;Detectors;Iris;Iris recognition;Training;Training data;ethnicity prediction;gender prediction;iris biometric;soft biometric;texture analysis}, 
doi={10.1109/THS.2011.6107909}, 
month={Nov}
}